
@article{zou2005regularization,
  title={Regularization and variable selection via the elastic net},
  author={Zou, Hui and Hastie, Trevor},
  journal={Journal of the Royal Statistical Society: Series B (Statistical Methodology)},
  volume={67},
  number={2},
  pages={301--320},
  year={2005},
  publisher={Wiley Online Library}
}

@article{gentzkow2010drives,
  title={What drives media slant? Evidence from US daily newspapers},
  author={Gentzkow, Matthew and Shapiro, Jesse M},
  journal={Econometrica},
  volume={78},
  number={1},
  pages={35--71},
  year={2010},
  publisher={Wiley Online Library}
}

@inproceedings{lloyd2005lydia,
  title={Lydia: A system for large-scale news analysis},
  author={Lloyd, Levon and Kechagias, Dimitrios and Skiena, Steven},
  booktitle={International Symposium on String Processing and Information Retrieval},
  pages={161--166},
  year={2005},
  organization={Springer}
}

@article{ahler2018parties,
  title={The parties in our heads: Misperceptions about party composition and their consequences},
  author={Ahler, Douglas J and Sood, Gaurav},
  journal={The Journal of Politics},
  volume={80},
  number={3},
  pages={000--000},
  year={2018},
  publisher={University of Chicago Press Chicago, IL}
}

@article{iyengar2015fear,
  title={Fear and loathing across party lines: New evidence on group polarization},
  author={Iyengar, Shanto and Westwood, Sean J},
  journal={American Journal of Political Science},
  volume={59},
  number={3},
  pages={690--707},
  year={2015},
  publisher={Wiley Online Library}
}

@article{martin2017bias,
  title={Bias in cable news: Persuasion and polarization},
  author={Martin, Gregory J and Yurukoglu, Ali},
  journal={American Economic Review},
  volume={107},
  number={9},
  pages={2565--99},
  year={2017}
}

@manual{khanna2016,
    title = {wru: Who Are You? Bayesian Prediction of Racial Category Using Surname and Geolocation},
    author = {Kabir Khanna and Kosuke Imai},
    year = {2016},
    note = {R package version 0.0-2},
    url = {https://CRAN.R-project.org/package=wru},
}

@inproceedings{sood2013b,
  title={Extreme Coverage: Disliking the Other Party, Is the Media to Blame?},
  author={Gaurav Sood},
  booktitle={Annual Meeting of the American Political Science Association},
  month={September},
  year={2013}
}

@book{kenski2010obama,
  title={The Obama victory: How media, money, and message shaped the 2008 election},
  author={Kenski, Kate and Hardy, Bruce W and Jamieson, Kathleen Hall},
  year={2010},
  publisher={Oxford University Press}
}

@article{van2013only,
  title={Only 15 minutes? The social stratification of fame in printed media},
  author={Van de Rijt, Arnout and Shor, Eran and Ward, Charles and Skiena, Steven},
  journal={American Sociological Review},
  volume={78},
  number={2},
  pages={266--289},
  year={2013},
  publisher={Sage Publications}
}
@article{hirai2000webbase,
  title={WebBase: A repository of web pages},
  author={Hirai, Jun and Raghavan, Sriram and Garcia-Molina, Hector and Paepcke, Andreas},
  journal={Computer Networks},
  volume={33},
  number={1},
  pages={277--293},
  year={2000},
  publisher={Elsevier}
}
@book{bautin2009news,
  title={News analysis for the social sciences},
  author={Bautin, Mikhail},
  year={2009},
  publisher={STATE UNIVERSITY OF NEW YORK AT STONY BROOK}
}
@article{jessee2010,
  title={Are congressional leaders middlepersons or extremists? Yes},
  author={Jessee, Stephen and Malhotra, Neil},
  journal={Legislative Studies Quarterly},
  volume={35},
  number={3},
  pages={361--392},
  year={2010},
  publisher={Wiley Online Library}
}
@article{Ahler2014,
  Author = {Douglas J. Ahler},
  Date-Added = {2014-05-05 22:05:32 +0000},
  Date-Modified = {2014-07-31 16:15:47 +0000},
  Journal = {The Journal of Politics},
  Number = {3},
  Pages = {607-620},
  Title = {Self-Fulfilling Misperceptions of Public Polarization},
  Volume = {76},
  Year = {2014}}
@article{ahler2015,
  title={The Parties in our Heads: Misperceptions About Party Composition and Their Consequences},
  author={Ahler, Douglas J and Sood, Gaurav},
  year={2015}
}
@article{iyengar1990,
  title={The accessibility bias in politics: Television news and public opinion},
  author={Iyengar, Shanto},
  journal={International Journal of Public Opinion Research},
  volume={2},
  number={1},
  pages={1--15},
  year={1990},
  publisher={WAPOR}
}
@article{prior2013media,
  title={Media and political polarization},
  author={Prior, Markus},
  journal={Annual Review of Political Science},
  volume={16},
  pages={101--127},
  year={2013},
  publisher={Annual Reviews}
}
@article{sood2016,
  title={Don't Expose Yourself: Discretionary Exposure to Political Information},
  author={Sood, Gaurav and Lelkes, Yphtach},
  year={2016}
}
@book{aldrich1995,
  title={Why parties? The origin and transformation of party politics in America},
  author={Aldrich, John H},
  volume={15},
  year={1995},
  publisher={Cambridge Univ Press}
}
@article{berinsky2012,
  title={Evaluating online labor markets for experimental research: Amazon. com's Mechanical Turk},
  author={Berinsky, Adam J and Huber, Gregory A and Lenz, Gabriel S},
  journal={Political Analysis},
  volume={20},
  number={3},
  pages={351--368},
  year={2012},
  publisher={SPM-PMSAPSA}
}
@article{bonica2013,
  title={Ideology and interests in the political marketplace},
  author={Bonica, Adam},
  journal={American Journal of Political Science},
  year={2013},
  volume={57},
  pages={294�-311},
  publisher={Wiley Online Library}
}
@book{campbell1960,
	Author = {Campbell, Angus and Converse, Philip E and Miller, Warren E and Stokes, Donald E},
	Publisher = {New York: Wiley},
	Title = {The American Voter},
	Year = {1960}}

@book{fiorina2006,
  title={Culture war?: The Myth of a Polarized America},
  author={Fiorina, Morris P and Abrams, Samuel J and Pope, Jeremy C},
  year={2005},
  publisher={Pearson Longman New York}
}

@article{fiorina2008,
  title={Polarization in the American public: Misconceptions and misreadings},
  author={Fiorina, Morris P and Abrams, Samuel A and Pope, Jeremy C},
  journal={The Journal of Politics},
  volume={70},
  number={02},
  pages={556--560},
  year={2008},
  publisher={Cambridge Univ Press}
}
@article{tversky1973availability,
  title={Availability: A heuristic for judging frequency and probability},
  author={Tversky, Amos and Kahneman, Daniel},
  journal={Cognitive psychology},
  volume={5},
  number={2},
  pages={207--232},
  year={1973},
  publisher={Elsevier}
}
@book{fiorina2012,
  title={Disconnect: the breakdown of representation in American politics},
  author={Fiorina, Morris P and Abrams, Samuel J},
  volume={11},
  year={2012},
  publisher={University of Oklahoma Press}
}

@book{fishkin1997,
  title={The voice of the people: Public opinion and democracy},
  author={Fishkin, James S},
  year={1997},
  publisher={Yale university press}
}

@article{flaxman2013,
  title={Ideological segregation and the effects of social media on news consumption},
  author={Flaxman, Seth and Goel, Sharad and Rao, Justin M},
  journal={Available at SSRN 2363701},
  year={2013}
}
@article{stone2016,
  title={Bias and Affective Polarization},
  author={Stone, Daniel F},
  journal={SSRN Working Paper},
  year={2016}
}
@book{gamson1994,
  title={Claims to fame: Celebrity in contemporary America},
  author={Gamson, Joshua},
  year={1994},
  publisher={Univ of California Press}
}

@article{greenstein1965,
  title={Children and Politics},
  author={Greenstein, Fred},
  journal={Political socialization},
  pages={56},
  year={1965},
  publisher={Transaction Publishers}
}

@unpublished{henderson2013,
  title={Issue Distancing in Congressional Elections},
  author={Henderson, John},
  year={2013},
  note={Working Paper}
}

@article{iyengar2012,
  title={Affect, Not Ideology A Social Identity Perspective on Polarization},
  author={Iyengar, Shanto and Sood, Gaurav and Lelkes, Yphtach},
  journal={Public opinion quarterly},
  volume={76},
  number={3},
  pages={405--431},
  year={2012},
  publisher={AAPOR}
}

@inproceedings{iyengar2013,
  title={Fear and Loathing Across Party Lines: New Evidence on Group Polarization},
  author={Iyengar, Shanto and Westwood, Sean},
  booktitle={Annual Meeting of the American Political Science Association},
  month={September},
  year={2013}
}

@article{levendusky2015,
  Author = {Matthew S. Levendusky and Neil A. Malhotra},
  Date-Added = {2014-05-05 22:03:01 +0000},
  Date-Modified = {2015-07-17 01:00:09 +0000},
  Journal = {Public Opinion Quarterly},
  Title = {(Mis)perceptions of Partisan Polarization in (Mis)perceptions of Partisan Polarization in the American Public},
  Year = {2016}}

@book{mccarty2006,
  title={Polarized America: The Dance of Political Ideology and Unequal Riches},
  author={McCarty, Nolan and Poole, Keith T. and Rosenthal, Howard},
  year={2006},
  publisher={Cambridge, MA: MIT Press}
}

@Manual{mullen2015,
    title = {gender: Predict Gender from Names Using Historical Data},
    author = {Lincoln Mullen},
    year = {2015},
    note = {R package version 0.5.1.9000},
    url = {https://github.com/ropensci/gender},
  }

@inproceedings{nielsen2011,
  title={A new ANEW: Evaluation of a word list for sentiment analysis in microblogs.},
  author={Nielsen, Finn Arup},
  year={2011},
  booktitle={The ESWC 2011 Workshop on `Making Sense of Microposts': Big things come in small packages},
  volume={718},
  pages={93�98},
  organization={CEUR Workshop Proceedings}
}

@article{puglisi2011,
  title={Newspaper coverage of political scandals},
  author={Puglisi, Riccardo and Snyder, James M},
  journal={The Journal of Politics},
  volume={73},
  number={03},
  pages={931--950},
  year={2011},
  publisher={Cambridge Univ Press}
}

@article{shor2015,
  title={A Paper Ceiling Explaining the Persistent Underrepresentation of Women in Printed News},
  author={Shor, Eran and van de Rijt, Arnout and Miltsov, Alex and Kulkarni, Vivek and Skiena, Steven},
  journal={American Sociological Review},
  volume={80},
  number={5},
  pages={960--984},
  year={2015},
  publisher={SAGE Publications}
}

@techreport{snyder2008press,
  title={Press coverage and political accountability},
  author={Snyder Jr, James M and Str{\"o}mberg, David},
  year={2008},
  institution={National Bureau of Economic Research}
}

@inproceedings{socher2013,
  title={Recursive deep models for semantic compositionality over a sentiment treebank},
  author={Socher, Richard and Perelygin, Alex and Wu, Jean Y and Chuang, Jason and Manning, Christopher D and Ng, Andrew Y and Potts, Christopher},
  booktitle={Proceedings of the Conference on Empirical Methods in Natural Language Processing (EMNLP)},
  pages={1631--1642},
  year={2013}
}

@inproceedings{sood2013,
  title={All in the Eye of the Beholder: Partisan Affect and Ideological Accountability},
  author={Sood, Gaurav and Iyengar, Shanto},
  year={2013},
  booktitle={Annual Meeting of the American Political Science Association},
  note={Working Paper}
}

@book{van1980,
  title={New models in probabilistic information retrieval},
  author={Van Rijsbergen, Cornelis J and Robertson, Stephen Edward and Porter, Martin F},
  year={1980},
  publisher={Computer Laboratory, University of Cambridge}
}
@article{barbera2016,
  title={Follow Your Ideology: Measuring Ideological Location of Media Sources},
  author={Barber{\'a}, Pablo and Sood, Gaurav},
  year={2016}
}